@article{Benny_2000,
author = {Benny, G. L. and O'Donnell, K.},
journal = {Mycologia},
pages = {1133-1137},
title = {Amoebidium parasiticum is a protozoan, not a Trichomycete},
volume = {92},
year = {2000},
}

@incollection{Benny_2014,
address = {The Mycota},
author = {Benny, G. L. and Humber, R. A. and Voigt, K.},
booktitle = {The Mycota: Systematics and Evolution, part A},
editor = {McLaughlin D.J. and Spatafora J.W.},
pages = {209-250},
publisher = {Systematics and Evolution, part A, 2nd Ed. Springer, Heidelberg},
title = {Zygomycetous fungi: Phylum Entomophthoromycota and subphyla Kickxellomycotina, Mortierellomycotina, Mucoromycotina, and Zoopagomycotina},
year = {2014},
}

@article{Benjamin_1965,
author = {Benjamin, R.K.},
journal = {Aliso},
pages = {1-10},
title = {Addenda to ``The merosporangiferous Mucorales'' III. Dimargaris.},
volume = {6},
year = {1965},
}

@article{Bidartondo,
author = {Bidartondo, M. I. and Read, D. J. and Trappe, J. M. and Merckx, V. and Ligrone, R. and Duckett, J.G.},
journal = {Biology letters},
pages = {574-577},
title = {The dawn of symbiosis between plants and fungi},
volume = {7},
year = {2011},
}

@article{Bonfante_2017,
author = {Bonfante, P. and Desiro, A.},
journal = {The diversity, origins and functions of fungal endobacteria living in Mucoromycota. ISME},
pages = {1-9},
title = {Who lives in a fungus?},
year = {2017},
}

@article{Cafaro_2005,
author = {Cafaro, M.J.},
journal = {Mol Phylogenet Evol},
pages = {21-34},
title = {Eccrinales (Trichomycetes) are not fungi, but a clade of protists at the early divergence of animals and fungi},
volume = {35},
year = {2005},
}

@article{Field_2014,
author = {Field, K. J. and Rimington, W. R. and Bidartondo, M. I. and Allinson, K. E. and Beerling, D. J. and Cameron, D. D. and Duckett, J. G. and Leake, J. R. and Pressel, S.},
journal = {New Phytol},
pages = {743-756},
title = {First evidence of mutualism between ancient plant lineages (Haplomitriopsida liverworts) and Mucoromycotina fungi and its response to simulated Palaeozoic changes in atmospheric CO2},
volume = {205},
year = {2014},
}

@article{Gryganskyi_2012,
author = {Gryganskyi, A. P. and Humber, R. A. and Smith, M. E. and Miadlikovska, J. and Wu, S. and Voigt, K. and Walther, G. and Anishchenko, I. M. and Vilgalys, R.},
journal = {Mol Phylogenet Evol},
pages = {682-694},
title = {Molecular phylogeny of the Entomophthoromycota},
volume = {65},
year = {2012},
}

@article{Gryganskyi_2017,
author = {Gryganskyi, A. P. and Mullens, B. A. and Gajdeczka, M. T. and Rehner, S. A. and Vilgalys, R. and Hajek, A.E.},
journal = {PLoS Pathog},
title = {Hijacked: Co-option of host behavior by entomophthoralean fungi},
volume = {13},
year = {2017},
unidentified = {e1006274},
}

@article{Hoffmann_2011,
author = {Hoffmann, K. and Voigt, K. and Kirk, P.M.},
journal = {Mycotaxon},
pages = {353-363},
title = {Mortierellomycotina subphyl. nov., based on multi-gene genealogies},
volume = {115},
year = {2011},
}

@article{Hoffmann_2013,
author = {Hoffmann, K. and Pawłowska, J. and Walther, G.},
journal = {Persoonia},
pages = {57-76},
title = {The family structure of the Mucorales: a synoptic revision based on comprehensive multigene-genealogies},
volume = {30},
year = {2013},
}

@article{Humber_2012,
author = {Humber, R.A.},
journal = {Mycotaxon},
pages = {477-492},
title = {Entomophthoromycota: a new phylum and reclassification for entomophthoroid fungi},
volume = {120},
year = {2012},
}

@book{Lichtwardt_1986,
address = {New York},
author = {Lichtwardt, R.W.},
publisher = {Springer-Verlag},
title = {The Trichomycetes: fungal associates of arthropods},
year = {1986},
}

@article{McLaughlin_2015,
author = {McLaughlin, D. J. and Healy, R. A. and Celio, G. J. and Roberson, R. W. and Kumar, T.K.A.},
journal = {Am J Bot},
pages = {707-717},
title = {Evolution of zygomycetous spindle pole bodies: Evidence from Coemansia reversa mitosis},
volume = {102},
year = {2015},
}

@book{Odonnell_1979,
address = {Athens, GA},
author = {O'Donnell, K.},
publisher = {Univ. Georgia},
title = {Zygomycetes in culture},
year = {1979},
}

@incollection{Redecker_2014,
address = {The Mycota},
author = {Redecker, D. and Schüssler, A.},
booktitle = {. In McLaughlin},
editor = {Dj, Spatafora and},
pages = {251-269},
publisher = {Systematics and Evolution, part A, 2nd Ed. Springer, Heidelberg},
title = {Glomeromycota},
year = {2014},
}

@article{Sch_2001,
author = {Schüssler, A. and Schwarzott, D. and Walker, C.},
journal = {Mycological Res},
pages = {1413-1421},
title = {A new fungal phylum, the Glomeromycota: phylogeny and evolution},
volume = {105},
year = {2001},
}

@article{Sekimoto_2011,
author = {Sekimoto, S. and Rochon, D. and Long, J. E. and Dee, J. M. and Berbee, M.L.},
journal = {BMC Evol Biol},
pages = {331},
title = {A multigene phylogeny of Olpidium and its implications for early fungal evolution},
volume = {11},
year = {2011},
}

@article{Spatafora_2016,
author = {Spatafora, J. W. and Chang, Y. and Benny, G. L. and Lazarus, K. and Smith, M. E. and Berbee, M. L. and Bonito, G. and Corradi, N. and Grigoriev, I. and Gryganskyi, A. and James, T. Y. and O'Donnell, K. and Roberson, R. W. and Taylor, T. N. and Uehling, J. and Vilgalys, R. and White, M. M. and Stajich, J.E.},
journal = {Mycologia},
pages = {1028-1046},
title = {A phylum-level phylogenetic classification of zygomycete fungi based on genome-scale data},
volume = {108},
year = {2016},
}

@book{Taylor_2015,
address = {San Diego},
author = {Taylor, T. N. and Krings, M. and Taylor, E.L.},
publisher = {Academic Press},
title = {Fossil Fungi},
year = {2015},
}

@book{Uehling_2017,
author = {Uehling, J. and Gryganskyi, A. and Hameed, K. and Tschaplinski, T. and Misztal, P. K. and Wu, S. and Desir{\`o}, A. and Vande Pol, N. and Du, Z. and Zienkiewicz, A. and Zienkiewicz, K. and Morin, E. and Tisserant, E. and Splivallo, R. and Hainaut, M. and Henrissat, B. and Ohm, R. and Kuo, A. and Yan, J. and Lipzen, A. and Nolan, M. and LaButti, K. and Barry, K. and Goldstein, A. H. and Labb{\'e}, J. and Schadt, C. and Tuskan, G. and Grigoriev, I. and Martin, F. and Vilgalys, R. and Bonito, G.},
publisher = {Environ Microbiol},
title = {Comparative genomics of Mortierella elongata and its bacterial endosymbiont Mycoavidus cysteinexigens},
year = {2017},
doi = {10.1111/1462-2920.13669},
}

@article{Valle_2008,
author = {Valle, L. G. and Cafaro, M.J.},
journal = {Mycologia},
pages = {122-131},
title = {First report of zygospores in Asellariales and new species from the Caribbean},
volume = {100},
year = {2008},
}


@incollection{Barron_2004,
author = {Barron, G. L.},
booktitle = {Biodiversity of Fungi -- Inventory and Monitoring Methods},
editor = {G. M. Mueller and G. F. Bills and M. S. Foster},
pages = {435-450},
publisher = {Academic Press},
title = {Fungal parasites and predators of rotifers, nematodes, and other invertebrates},
year = {2004},
}

@incollection{Benjamin_1979,
author = {Benjamin, R. K.},
booktitle = {The whole fungus: the sexual-asexual synthesis.},
editor = {B. Kendrick},
pages = {573-616},
publisher = {National Museums of Canada},
title = {Zygomycetes and their spores},
year = {1979},
}

@unpublished{Benny_2005,
author = {Benny, G.L.},
month = {February},
title = {Piptocephalidaceae},
year = {2005},
url = {www.zygomycetes.org},
}

@article{Benny_2008,
author = {Benny, G.L.},
journal = {Aliso},
pages = {37-61},
title = {The methods used by R. K Benjamin, and other mycologists, to isolate zygomycetes.},
volume = {26},
year = {2008},
}

@incollection{Benny_2016,
address = {Cham, Switzerland},
author = {Benny, G. L. and Smith, M. E. and Kirk, P. M. and Tretter, E. D. and White M.M.},
booktitle = {Biology of microfungi},
editor = {D-W Li},
pages = {65–126},
publisher = {Springer International Press.},
title = {Challenges and future perspectives in the systematics of Kickxellomycotina, Mortierellomycotina, Mucoromycotina, and Zoopagomycotina},
year = {2016},
}

@article{Cummings_1992,
author = {Cummings, A. M. and M. T. Ebron-McCoy and J. M. Rogers and B. D. Barbee and S. T. Harris},
journal = {Fundamental and Applied Toxicology},
pages = {288-293},
title = {Developmental effects of Methyl Benzimidazole carbamate following exposure during early pregnancy},
volume = {18},
year = {1992},
}

@article{Drechsler_1935,
author = {Drechsler, C.},
journal = {Mycologia},
pages = {176-205},
title = {Some non-catenulate conidial Phycomycetes preying on terricolous amoebae},
volume = {27},
year = {1935},
}

@article{Drechsler_1938,
author = {Drechsler, C.},
journal = {Mycologia},
number = {2},
pages = {137-157},
title = {New Zoopagaceae capturing and consuming soil amoebae},
volume = {30},
year = {1938},
}

@article{Duddington_1955,
author = {Duddington, C. L.},
journal = {Transactions of the British Mycological Society},
number = {2},
pages = {97-103},
title = {Notes on the technique of handling predacious fungi},
volume = {38},
year = {1955},
}

@book{Halfpenny_2008,
author = {Halfpenny, J.},
publisher = {Rowman & Littlefield},
title = {Scats and tracks of North America: a field guide to the signs of nearly 150 wildlife species},
year = {2008},
}

@article{Hibbett_2007,
author = {Hibbett, D. S. and Binder, M. and Bischoff, J. F. and Blackwell, M. and Cannon, P. F. and Eriksson, O. E. and Huhndorf, S. and James, T. and Kirk, P. M. and Lücking, R. and Thorsten Lumbsch, H. and Lutzoni, F. and Matheny, P. B. and McLaughlin, D. J. and Powell, M. J. and Redhead, S. and Schoch, C. L. and Spatafora, J. W. and Stalpers, J. A. and Vilgalys, R. and Aime, M. C. and Aptroot, A. and Bauer, R. and Begerow, D. and Benny, G. L. and Castlebury, L. A. and Crous, P. W. and Dai, Y. C. and Gams, W. and Geiser, D. M. and Griffith, G. W. and Gueidan, C. and Hawksworth, D. L. and Hestmark, G. and Hosaka, K. and Humber, R. A. and Hyde, K. D. and Ironside, J. E. and Kõljalg, U. and Kurtzman, C. P. and Larsson, K. H. and Lichtwardt, R. and Longcore, J. and Miadlikowska, J. and Miller, A. and Moncalvo, J. M. and Mozley-Standridge, S. and Oberwinkler, F. and Parmasto, E. and Reeb, V. and Rogers, J. D. and Roux, C. and Ryvarden, L. and Sampaio, J. P. and Schüssler, A. and Sugiyama, J. and Thorn, R. G. and Tibell, L. and Untereiner, W. A. and Walker, C. and Wang, Z. and Weir, A. and Weiss, M. and White, M. M. and Winka, K. and Yao, Y. J. and Zhang, N.},
journal = {Mycol Res},
pages = {509–547},
title = {A higher-level phylogenetic classification of the Fungi},
volume = {111},
year = {2007},
doi = {10.1016/j.mycres.2007.03.004},
}

@book{NRC_1987,
address = {Washington, DC},
author = {National Research Council},
publisher = {National Academy Press},
title = {Regulating pesticides in food: the Delaney paradox},
year = {1987},
}

@article{Potter_1990,
author = {Potter, D. A. and M. C. Buxton and C. T. Redmond and C. T. Patterson and A. J. Powell},
journal = {Journal of Economic Entomology},
number = {6},
pages = {2362-2369},
title = {Toxicity of pesticides to earthworms (Oligochaeta: Lumbricidae) and effects on thatch degradation in Kentucky bluegrass turf},
volume = {83},
year = {1990},
}

@article{Sommerstorff_1911,
author = {Sommerstorff, H.},
journal = {Österreichische Botanische Zeitschrift},
pages = {361-373},
title = {Ein Tiere fangender Pilz (Zoophagus insidians, nov. gen., nov. sp.)},
volume = {61},
year = {1911},
}

@article{White_2006,
author = {White, M. M. and James, T. Y. and O’Donnell, K. and Cafaro, M. J. and Tanabe, Y. and Sugiyama, J.},
journal = {Mycologia},
pages = {872–884},
title = {Phylogeny of the Zygomycota based on nuclear ribosomal sequence data},
volume = {98},
year = {2006},
doi = {10.3852/},
}


